<record><leader>00000cas a22000007a 4500</leader><controlfield tag="001">17892733</controlfield><controlfield tag="008">880504d18871903ohuwr ne      0    0eng d</controlfield><datafield ind1=" " ind2=" " tag="010"><subfield code="a">sn 88078519 </subfield></datafield><datafield ind1=" " ind2=" " tag="040"><subfield code="a">ONP</subfield><subfield code="b">eng</subfield><subfield code="c">ONP</subfield><subfield code="d">OCLCQ</subfield></datafield><datafield ind1=" " ind2=" " tag="042"><subfield code="a">msc</subfield></datafield><datafield ind1="0" ind2="4" tag="245"><subfield code="a">The Ashland gazette.</subfield></datafield><datafield ind1=" " ind2=" " tag="260"><subfield code="a">Ashland, Ohio :</subfield><subfield code="b">Ashland Print. Co.,</subfield><subfield code="c">1887-</subfield></datafield><datafield ind1=" " ind2=" " tag="310"><subfield code="a">Weekly,</subfield><subfield code="b">Feb. 5, 1901-Aug. 1903</subfield></datafield><datafield ind1=" " ind2=" " tag="321"><subfield code="a">Weekly,</subfield><subfield code="b">Mar. 23, 1887-Jan. 23, 1889</subfield></datafield><datafield ind1=" " ind2=" " tag="321"><subfield code="a">Semiweekly,</subfield><subfield code="b">Jan. 29, 1889-Feb. 1, 1901</subfield></datafield><datafield ind1="0" ind2=" " tag="362"><subfield code="a">Vol. 1, no. 1 (Mar. 23, 1887)-</subfield></datafield><datafield ind1="1" ind2=" " tag="362"><subfield code="a">Ceased in Aug. 1903.</subfield></datafield><datafield ind1=" " ind2=" " tag="752"><subfield code="a">United States</subfield><subfield code="b">Ohio</subfield><subfield code="c">Ashland</subfield><subfield code="d">Ashland.</subfield></datafield><datafield ind1="0" ind2="7" tag="785"><subfield code="t">Ashland times (Ashland, Ohio : 1853)</subfield><subfield code="w">(DLC)sn 83035176</subfield></datafield><datafield ind1="0" ind2="7" tag="785"><subfield code="t">Ashland times and the Ashland gazette</subfield><subfield code="w">(DLC)sn 88078518</subfield></datafield></record>